

@misc{twiki_cern_higgs_cross_sections,
  title = {{Higgs cross sections and decay branching ratios}},
  publisher = "CERN",
  howpublished = "\url{https://twiki.cern.ch/twiki/bin/view/LHCPhysics/CrossSections#Higgs_cross_sections_and_decay_b}",
  year = {2014}, 
  note = "[Online]"
}

@misc{yukawa_coupling,
  Author = {Jung Chang and Kingman Cheung and Jae Sik Lee and Chih-Ting Lu},
  Title = {Probing the Top-Yukawa Coupling in Associated Higgs production with a Single Top Quark},
  Year = {2014},
  Eprint = {arXiv:1403.2053},
}

@ARTICLE{resolution_position_photons,
   author = {{Colas}, J. and {Di Ciaccio}, L. and {El Kacimi}, M. and {Gaumer}, M. and {Sacco}, R. and others},
    title = "{Position resolution and particle identification with the ATLAS EM calorimeter}",
  journal = {Nuclear Instruments and Methods in Physics Research A},
   eprint = {physics/0505127},
     year = 2005,
    month = sep,
   volume = 550,
    pages = {96-115},
      doi = {10.1016/j.nima.2005.05.041},
   adsurl = {http://adsabs.harvard.edu/abs/2005NIMPA.550...96C},
  adsnote = {Provided by the SAO/NASA Astrophysics Data System}
}

